@book{telford-etal1990,
  Author = {W. M. Telford and L. P. Geldart and R. E. Sheriff},
  Title = {Applied Geophysics},
  Publisher = {Cambridge University Press},
  Year = {1990},
  ISBN = {0521339383}
}

@book{blakely1996,
  Author = {Richard J. Blakely},
  Title = {Potential Theory in Gravity and Magnetic Applications},
  Publisher = {Cambridge University Press},
  Year = {1996},
  ISBN = {0521575478}
}

@book{langel-hinze1998,
  Author = {R. A. Langel and W. J. Hinze},
  Title = {The Magnetic Field of the Earth's Lithosphere: The Satellite Perspective},
  Publisher = {Cambridge University Press},
  Year = {1998},
  ISBN = {0521473330}
}

@book{menke1989,
  Author = {William Menke},
  Title = {Geophysical Data Analysis: Discrete Inverse Theory (International Geophysics)},
  Publisher = {Academic Press},
  Year = {1989},
  ISBN = {0124909213}
}

@book{aster-etal2005,
  Author = {Richard C. Aster and Brian Borchers and Clifford H. Thurber},
  Title = {Parameter Estimation and Inverse Problems (International Geophysics)},
  Publisher = {Academic Press},
  Year = {2005},
  ISBN = {0120656043}
}

@article{scales_1988,
 author = {J. A. Scales and A. Gerztenkorn and S. Treitel},
 title = {Fast Lp Solution of Large, Sparse, Linear Systems: Application to Seismic Travel Time Tomography},
 journal = {J. Comput. Phys.},
 volume = {75},
 number = {2},
 pages = {314--333},
 doi = {10.1016/0021-9991(88)90115-5},
 year = {1988},
 issn = {0021-9991}
}