@article{baranov1957,
    author = {Baranov, V.},
    title = {A new method for interpretation of aeromagnetic maps: Pseudo-gravimetric anomalies},
    journal = {Geophysics},
    volume = {22},
    number = {2},
    pages = {359-382},
    year = {1957},
    doi = {10.1190/1.1438369}
}

@article{baranov-naudy1964,
    author = {Baranov, V. and Naudy, H.},
    title = {Numerical calculation of the formula of reduction to the magnetic pole},
    journal = {Geophysics},
    volume = {29},
    number = {1},
    pages = {67-79},
    year = {1964},
    doi = {10.1190/1.1439334}
}

@article{nabighian1972,
    author = {Nabighian, M.},
    title = {The analytic signal of two-dimensional magnetic bodies with polygonal cross-    section: its properties and use for automated anomaly interpretation},
    journal = {Geophysics},
    volume = {37},
    number = {3},
    pages = {507-517},
    year = {1972},
    doi = {10.1190/1.1440276}
}

@book{bard1973,
  Author = {Yonathan Bard},
  Title = {Nonlinear Parameter Estimation},
  Publisher = {Academic Press},
  Year = {1973},
  ISBN = {0120782502}
}

@article{nabighian1974,
    author = {Nabighian, M.},
    title = {Additional comments on the analytic signal of two-dimensional magnetic bodies with polygonal cross-section},
    journal = {Geophysics},
    volume = {39},
    number = {1},
    pages = {85-92},
    year = {1974},
    doi = {10.1190/1.1440416}
}

@book{twomey1977,
  author = {S. Twomey},
  Title = {Introduction to the Mathematics of Inversion in Remote Sensing and Indirect Measurements},
  Publisher = {Dover Publications, Inc.},
  Year = {1977},
  ISBN = {0486694518}
}

@article{nabighian1984,
    author = {Nabighian, M.},
    title = {Toward a three-dimensional automatic interpretation of potential field data via generalized Hilbert transforms: Fundamental relations},
    journal = {Geophysics},
    volume = {49},
    number = {6},
    pages = {780-786},
    year = {1984},
    doi = {10.1190/1.1441706}
}

@article{silva1986,
    author = {Silva, J. B. C.},
    title = {Reduction to the pole as an inverse problem and its application to low-latitude anomalies},
    journal = {Geophysics},
    volume = {51},
    number = {2},
    pages = {369-382},
    year = {1986},
    doi = {10.1190/1.1442096}
}

@article{scales_1988,
 author = {J. A. Scales and A. Gerztenkorn and S. Treitel},
 title = {Fast Lp Solution of Large, Sparse, Linear Systems: Application to Seismic Travel Time Tomography},
 journal = {J. Comp. Phys.},
 volume = {75},
 number = {2},
 pages = {314-333},
 doi = {10.1016/0021-9991(88)90115-5},
 year = {1988},
 issn = {0021-9991}
}

@book{menke1989,
  Author = {William Menke},
  Title = {Geophysical Data Analysis: Discrete Inverse Theory (International Geophysics)},
  Publisher = {Academic Press},
  Year = {1989},
  ISBN = {0124909213}
}

@book{telford-etal1990,
  Author = {W. M. Telford and L. P. Geldart and R. E. Sheriff},
  Title = {Applied Geophysics},
  Publisher = {Cambridge University Press},
  Year = {1990},
  ISBN = {0521339383}
}

@book{blakely1996,
  Author = {Richard J. Blakely},
  Title = {Potential Theory in Gravity and Magnetic Applications},
  Publisher = {Cambridge University Press},
  Year = {1996},
  ISBN = {0521575478}
}

@article{li-oldenburg1996,
    author = {Y. Li and D. W. Oldenburg},
    title = {3-D inversion of magnetic data},
    journal = {Geophysics},
    volume = {61},
    number = {2},
    pages = {394-408},
    year = {1996},
    doi = {10.1190/1.1443968}
}

@article{pilkington1997,
    author = {Mark Pilkington},
    title = {3-D magnetic imaging using conjugate gradients},
    journal = {Geophysics},
    volume = {62},
    number = {4},
    pages = {1132-1142},
    year = {1997},
    doi = {10.1190/1.1444214}
}

@book{langel-hinze1998,
  Author = {R. A. Langel and W. J. Hinze},
  Title = {The Magnetic Field of the Earth's Lithosphere: The Satellite Perspective},
  Publisher = {Cambridge University Press},
  Year = {1998},
  ISBN = {0521473330}
}

@article{portniaguine-zhdanov1999,
    author = {O. Portniaguine and M. S. Zhdanov},
    title = {Focusing geophysical inversion images},
    journal = {Geophysics},
    volume = {64},
    number = {3},
    pages = {874-887},
    year = {1999},
    doi = {10.1190/1.1444596}
}

@article{portniaguine-zhdanov2002,
    author = {O. Portniaguine and M. S. Zhdanov},
    title = {3-D magnetic inversion with data compression and image focusing},
    journal = {Geophysics},
    volume = {67},
    number = {5},
    pages = {1532-1541},
    year = {2002},
    doi = {10.1190/1.1512749}
}

@book{aster-etal2005,
  Author = {Richard C. Aster and Brian Borchers and Clifford H. Thurber},
  Title = {Parameter Estimation and Inverse Problems (International Geophysics)},
  Publisher = {Academic Press},
  Year = {2005},
  ISBN = {0120656043}
}

@article{nabighian-etal2005,
    author = {Nabighian, M. and Grauch, V. and Hansen, R. and LaFehr, T. and Li, Y. and Peirce, J. and Phillips, J. and     Ruder, M.},
    title = {The historical development of the magnetic method in exploration},
    journal = {Geophysics},
    volume = {70},
    number = {6},
    pages = {33ND-61ND},
    year = {2005},
    doi = {10.1190/1.2133784}
}

@article{li2006,
    author = {Li, X.},
    title = {Understanding 3D analytic signal amplitude},
    journal = {Geophysics},
    volume = {71},
    number = {2},
    pages = {L13-L16},
    year = {2006},
    doi = {10.1190/1.2184367}
}

@article{barbosa-silva2006,
    author = {V. C. F. Barbosa and J. B. C. Silva},
    title = {Interactive 2D magnetic inversion: A tool for aiding forward modeling and testing geologic hypotheses},
    journal = {Geophysics},
    volume = {71},
    number = {5},
    pages = {L43-L50},
    year = {2006},
    doi = {10.1190/1.2258093}
}

@book{fornasini2008,
  Author = {Paolo Fornasini},
  Title = {The Uncertainty in Physical Measurements: An Introduction to Data Analysis in the Physics Laboratory},
  Publisher = {Springer},
  Year = {2008},
  ISBN = {038778649X}
}

@article{oliveirajr-etal2013,
    author = {Oliveira Jr., V. C. and Barbosa, V. C. F. and Uieda, L.},
    title = {Polynomial equivalent layer},
    journal = {Geophysics},
    volume = {78},
    number = {1},
    pages = {G1-G13},
    year = {2013},
    doi = {10.1190/geo2012-0196.1}
}

%% Metodologias para estimar a direção de magnetização

@article{helbig1963,
    author = {Helbig, K.},
    title = {Some integrals of magnetic anomalies and their relation to the parameters of the disturbing body},
    journal = {Zeitschrift für Geophysik},
    volume = {29},
    pages = {83–96},
    year = {1963}

}

@article{bhattacharyya1966,
    author = {Bhattacharyya, B. K.},
    title = {A method for computing the total magnetization vector and the dimensions of a rectangular block-shaped body from magnetic anomalies},
    journal = {Geophysics},
    volume = {31},
    number = {1},
    pages = {74-96},
    year = {1966},
    doi = {10.1190/1.1439765}

}

@article{emilia-massey1974,
    author = {Emilia, D. and Massey, R.},
    title = {Magnetization estimation for nonuniformly magnetized seamounts},
    journal = {Geophysics},
    volume = {39},
    number = {2},
    pages = {223-231},
    year = {1974},
    doi = {10.1190/1.1440423}

}

@article {parker-etal1987,
    author = {Parker, Robert L. and Shure, Loren and Hildebrand, John A.},
    title = {The application of inverse theory to seamount magnetism},
    journal = {rgeo},
    volume = {25},
    number = {1},
    doi = {10.1029/RG025i001p00017},
    pages = {17--40},
    year = {1987}
}

@article{roest-pilkington1993,
    author = {Roest, W. R. and Pilkington, M.},
    title = {Identifying remanent magnetization effects in magnetic data},
    journal = {Geophysics},
    volume = {58},
    number = {5},
    pages = {653-659},
    year = {1993},
    doi = {10.1190/1.1443449}

}

@article {fedi-etal1994,
    author = {Fedi, Maurizio and Florio, Giovanni and Rapolla, Antonio},
    title = {A method to estimate the total magnetization direction from a distortion analysis of magnetic anomalies1},
    journal = {Geophysical Prospecting},
    volume = {42},
    number = {3},
    pages = {261--274},
    year = {1994},
    doi = {10.1111/j.1365-2478.1994.tb00209.x}
}

@article{medeiros-silva1995,
    author = {Medeiros, W. E. and Silva, J. B. C.},
    title = {Simultaneous estimation of total magnetization direction and 3-D spatial orientation},
    journal = {Geophysics},
    volume = {60},
    number = {5},
    pages = {1365-1377},
    year = {1995},
    doi = {10.1190/1.1443872}
}

@article{phillips2005,
    author = {Phillips, J. D.},
    title = {Can we estimate total magnetization directions from aeromagnetic data using Helbig's integrals?},
    journal = {Earth, Planets and Space},
    volume = {57},
    number = {8},
    pages = {681-689},
    year = {2005}

}

@article{kubota-uchiyama2005,
    year={2005},
    journal={Earth, Planets and Space},
    volume={57},
    number={8},
    doi={10.1186/BF03351849},
    title={Three-dimensional magnetization vector inversion of a seamount},
    author={Kubota, Ryuji and Uchiyama, Akinori},
    pages={691-699}

}

@article{dannemiller-li2006,
    author = {Dannemiller, N. and Li, Y.},
    title = {A new method for determination of magnetization direction},
    journal = {Geophysics},
    volume = {71},
    number = {6},
    pages = {L69-L73},
    year = {2006},
    doi = {10.1190/1.2356116}

}

@article{tontini-pedersen2008,
    author = {Tontini, F. Caratori and Pedersen, L. B.}, 
    title = {Interpreting magnetic data by integral moments},
    volume = {174}, 
    number = {3}, 
    pages = {815-824}, 
    year = {2008}, 
    doi = {10.1111/j.1365-246X.2008.03872.x}, 
    journal = {Geophysical Journal International} 
}

@article {gerovska-etal2009,
    author = {Gerovska, Daniela and Araúzo-Bravo, Marcos J. and Stavrev, Petar},
    title = {Estimating the magnetization direction of sources from southeast Bulgaria through correlation between reduced-to-the-pole and total magnitude anomalies},
    journal = {Geophysical Prospecting},
    volume = {57},
    number = {4},
    doi = {10.1111/j.1365-2478.2008.00761.x},
    pages = {491--505},
    year = {2009}
}

@article{lelievre-oldenburg2009,
    author = {Lelièvre, P. G. and Oldenburg, D. W.},
    title = {A 3D total magnetization inversion applicable when significant, complicated remanence is present},
    journal = {Geophysics},
    volume = {74},
    number = {3},
    pages = {L21-L30},
    year = {2009},
    doi = {10.1190/1.3103249}

}

@article{ellis-etal2012,
  author = {Robert G. Ellis and Barry de Wet and Ian N. Macleod},
  title = {Inversion of magnetic data for remanent and induced sources},
  journal = {ASEG Extended Abstracts},
  year = {2012},
  pages = {1-4},
  doi = {10.1071/ASEG2012ab117}

}

%% Euler deconvolution

@article{thompson1982,
    author = {Thompson, D.},
    title = {EULDPH: A new technique for making computer-assisted depth estimates from magnetic data},
    journal = {Geophysics},
    volume = {47},
    number = {1},
    pages = {31-37},
    year = {1982},
    doi = {10.1190/1.1441278}
}

@article{reid-etal1990,
    author = {Reid, A. and Allsop, J. and Granser, H. and Millett, A. and Somerton, I.},
    title = {Magnetic interpretation in three dimensions using Euler deconvolution},
    journal = {Geophysics},
    volume = {55},
    number = {1},
    pages = {80-91},
    year = {1990},
    doi = {10.1190/1.1442774}
}

@article{silva-barbosa2003,
    author = {Silva, J. and Barbosa, V.},
    title = {3D Euler deconvolution: Theoretical basis for automatically selecting good solutions},
    journal = {Geophysics},
    volume = {68},
    number = {6},
    pages = {1962-1968},
    year = {2003},
    doi = {10.1190/1.1635050}
}

@article{melo-etal2013,
    author = {Melo, F. and Barbosa, V. and Uieda, L. and Oliveira Jr., V. and Silva, J.},
    title = {Estimating the nature and the horizontal and vertical positions of 3D magnetic sources using Euler deconvolution},
    journal = {Geophysics},
    volume = {78},
    number = {6},
    pages = {J87-J98},
    year = {2013},
    doi = {10.1190/geo2012-0515.1}
}

@article {reid-etal2014,
    author = {Reid, Alan B. and Ebbing, Jorg and Webb, Susan J.},
    title = {Avoidable Euler Errors – the use and abuse of Euler deconvolution applied to potential fields},
    journal = {Geophysical Prospecting},
    issn = {1365-2478},
    doi = {10.1111/1365-2478.12119},
    keywords = {Gravity, Interpretation, Magnetics, Potential Fields, Euler Deconvolution},
    year = {2014}
}

@article{uieda-etal2014,
    author = {Uieda, L. and Oliveira Jr., V. C. and Barbosa, V. C. F.},
    title = {Geophysical tutorial: Euler deconvolution of potential-field data},
    journal = {The Leading Edge},
    volume = {33},
    number = {4},
    pages = {448-450},
    year = {2014},
    doi = {10.1190/tle33040448.1}
}

%% Geology

@article{almeida1983,
    title = {Relações tectônicas das rochas alcalinas mesozóicas da região meridional da plataforma sul-americana},
    journal = {Revista Brasileira de Geociências},
    pages = {139-158},
    volume = {13},
    number = {3},
    year = {1983},
    issn = {2177-4382},
    author = {Almeida, F. F. M.}

}

@article{sgarbi2002,
    title = {Geochemistry of Santo Antônio da Barra Kamafugites, Goiás, Brazil},
    journal = {Journal of South American Earth Sciences},
    volume = {14},
    number = {8},
    pages = {889-901},
    year = {2002},
    doi = {10.1016/S0895-9811(01)00079-7},
    author = {Sgarbi, P. B. A. and Gaspar, J. C.}
}

@article{junqueira-brod2002,
    title = {A Província Alcalina de Goiás e a extensão do seu vulcanismo kamafugítico},
    journal = {Revista Brasileira de Geociências},
    pages = {559-566},
    volume = {32},
    number = "4",
    year = {2002},
    issn = {2177-4382},
    author = {Tereza Cristina Junqueira-Brod and Henrique Llacer Roig and José Carlos Gaspar and José Affonso Brod and Paulo Roberto Meneses}

}

@article{junqueira-brod2005,
    title = "Kamafugitic diatremes: their textures and field relationships with examples from the Goiás alkaline province, Brazil ",
    journal = "Journal of South American Earth Sciences ",
    volume = "18",
    number = "3–4",
    pages = "337-353",
    year = "2005",
    doi = "10.1016/j.jsames.2004.11.002",
    author = "Tereza Cristina Junqueira-Brod and José Carlos Gaspar and José Affonso Brod and Camilla Vasconcelos Kafino"
}

@article{carlson-etal2007,
    title = "Chemical and isotopic relationships between peridotite xenoliths and mafic–ultrapotassic rocks from Southern Brazil ",
    journal = "Chemical Geology ",
    volume = "242",
    number = "3–4",
    pages = "415 - 434",
    year = "2007",
    doi = "10.1016/j.chemgeo.2007.04.009",
    author = "Richard W. Carlson and Ana Lucia N. Araujo and Tereza C. Junqueira-Brod and José Carlos Gaspar and José Affonso Brod and Ivan A. Petrinovic and Maria Helena B.M. Hollanda and Marcio M. Pimentel and Suzanna Sichel"

}

@article{dutra-marangoni2009,
    title = "Gravity and magnetic 3D inversion of Morro do Engenho complex, Central Brazil ",
    journal = "Journal of South American Earth Sciences ",
    volume = "28",
    number = "2",
    pages = "193 - 203",
    year = "2009",
    doi = "10.1016/j.jsames.2009.02.006",
    author = "Alanna C. Dutra and Yára R. Marangoni"

}

@article{dutra-etal2012,
    title = "Investigation of the Goiás Alkaline Province, Central Brazil: Application of gravity and magnetic methods ",
    journal = "Journal of South American Earth Sciences ",
    volume = "33",
    number = "1",
    pages = "43 - 55",
    year = "2012",
    doi = "10.1016/j.jsames.2011.06.004",
    author = "Alanna C. Dutra and Yara R. Marangoni and Tereza C. Junqueira-Brod"

}

@article{marangoni-mantovani2013,
    title = "Geophysical signatures of the alkaline intrusions bordering the Paraná Basin",
    journal = "Journal of South American Earth Sciences ",
    volume = "41",
    pages = "83-98",
    year = "2013",
    doi = "10.1016/j.jsames.2012.08.004",
    author = "Yara R. Marangoni and Marta S.M. Mantovani"
}


